
    <record>
      <header>
        <identifier>oai:alma.01SSHELCOMILLRSVL:99840656103569</identifier>
        <datestamp>2019-09-25T01:05:05Z</datestamp>
        <setSpec>IndexDataHoldItemPhysicalTitles</setSpec>
        <setSpec>EDS:Set01</setSpec>
        <setSpec>IndexDataHoldItem</setSpec>
      </header>
      <metadata>
        <record xmlns="http://www.loc.gov/MARC21/slim" xmlns:xsi="http://www.w3.org/2001/XMLSchema-instance" xsi:schemaLocation="http://www.loc.gov/MARC21/slim http://www.loc.gov/standards/marcxml/schema/MARC21slim.xsd" >
          <leader>00567cam a2200181I  4500</leader>
          <controlfield tag="005">20130826090604.0</controlfield>
          <controlfield tag="008">770216s        pau           000 0 eng d</controlfield>
          <controlfield tag="001">99840656103569</controlfield>
          <datafield tag="035" ind1=" " ind2=" ">
            <subfield code="9">18994</subfield>
          </datafield>
          <datafield tag="035" ind1=" " ind2=" ">
            <subfield code="a">ocm02742938</subfield>
          </datafield>
          <datafield tag="035" ind1=" " ind2=" ">
            <subfield code="a">(PMilS)84065-millerdb-Voyager</subfield>
          </datafield>
          <datafield tag="040" ind1=" " ind2=" ">
            <subfield code="a">MVS</subfield>
            <subfield code="c">MVS</subfield>
          </datafield>
          <datafield tag="049" ind1=" " ind2=" ">
            <subfield code="a">MVSM</subfield>
          </datafield>
          <datafield tag="099" ind1=" " ind2=" ">
            <subfield code="a">Fac</subfield>
            <subfield code="a">B695o</subfield>
          </datafield>
          <datafield tag="100" ind1="1" ind2=" ">
            <subfield code="a">Boyer, Lee Emerson,</subfield>
            <subfield code="d">1900-</subfield>
          </datafield>
          <datafield tag="245" ind1="1" ind2="0">
            <subfield code="a">On the northern glass window of Biemesderfer Executive Center at Millersville State College, July 1974.</subfield>
          </datafield>
          <datafield tag="260" ind1=" " ind2=" ">
            <subfield code="c">1974</subfield>
          </datafield>
          <datafield tag="300" ind1=" " ind2=" ">
            <subfield code="a">37 p. :</subfield>
            <subfield code="b">photos. ;</subfield>
            <subfield code="c">28 cm.</subfield>
          </datafield>
          <datafield tag="610" ind1="2" ind2="0">
            <subfield code="a">Millersville State College (Pa.).</subfield>
            <subfield code="b">Biemesderfer Executive Center</subfield>
            <subfield code="x">History.</subfield>
          </datafield>
          <datafield tag="900" ind1="8" ind2=" ">
            <subfield code="b">MILL</subfield>
            <subfield code="d">SCM</subfield>
            <subfield code="f">Fac B695o</subfield>
            <subfield code="8">2220040630003569</subfield>
          </datafield>
          <datafield tag="995" ind1=" " ind2=" ">
            <subfield code="ff">2220040630003569</subfield>
            <subfield code="u">1</subfield>
            <subfield code="j">8</subfield>
            <subfield code="aa">SCM</subfield>
            <subfield code="t">BOOK</subfield>
            <subfield code="s">33151000189896</subfield>
            <subfield code="z">SCM</subfield>
            <subfield code="q">ON_RESERVE: N | RESERVE_CHARGES: 0 | RECALLS_PLACED: 0 | HOLDS_PLACED: 0 | HISTORICAL_BOOKINGS: 0 | SHORT_LOAN_CHARGES: 0 | </subfield>
            <subfield code="a">2320040620003569</subfield>
            <subfield code="c">SC</subfield>
            <subfield code="bb">Fac B695o</subfield>
            <subfield code="v">false</subfield>
            <subfield code="b">0</subfield>
            <subfield code="r">Suppressed for Renovation</subfield>
            <subfield code="h">MILL</subfield>
            <subfield code="i">MILL</subfield>
          </datafield>
        </record>
      </metadata>
    </record>